@book{brunton,
    title={Data-Driven Science and Engineering},
    author={Steven L. Brunton and J. Nathan Kutz},
    publisher={Cambridge Univeristy Press},
    address={Cambridge, UK},
    year={2022},
}

@misc{ellm,
      title={Guiding Pretraining in Reinforcement Learning with Large Language Models}, 
      author={Yuqing Du and Olivia Watkins and Zihan Wang and Cédric Colas and Trevor Darrell and Pieter Abbeel and Abhishek Gupta and Jacob Andreas},
      year={2023},
      eprint={2302.06692},
      archivePrefix={arXiv},
      primaryClass={cs.LG}
}

@misc{omni,
      title={OMNI: Open-endedness via Models of human Notions of Interestingness}, 
      author={Jenny Zhang and Joel Lehman and Kenneth Stanley and Jeff Clune},
      year={2023},
      eprint={2306.01711},
      archivePrefix={arXiv},
      primaryClass={cs.AI}
}

@inproceedings{idm,
 author = {Li, Shuang and Puig, Xavier and Paxton, Chris and Du, Yilun and Wang, Clinton and Fan, Linxi and Chen, Tao and Huang, De-An and Aky\"{u}rek, Ekin and Anandkumar, Anima and Andreas, Jacob and Mordatch, Igor and Torralba, Antonio and Zhu, Yuke},
 booktitle = {Advances in Neural Information Processing Systems},
 editor = {S. Koyejo and S. Mohamed and A. Agarwal and D. Belgrave and K. Cho and A. Oh},
 pages = {31199--31212},
 publisher = {Curran Associates, Inc.},
 title = {Pre-Trained Language Models for Interactive Decision-Making},
 url = {https://proceedings.neurips.cc/paper_files/paper/2022/file/ca3b1f24fc0238edf5ed1ad226b9d655-Paper-Conference.pdf},
 volume = {35},
 year = {2022}
}

@misc{survey,
      title={A Survey of Reinforcement Learning Informed by Natural Language}, 
      author={Jelena Luketina and Nantas Nardelli and Gregory Farquhar and Jakob Foerster and Jacob Andreas and Edward Grefenstette and Shimon Whiteson and Tim Rocktäschel},
      year={2019},
      eprint={1906.03926},
      archivePrefix={arXiv},
      primaryClass={cs.LG}
}

@article{minigrid,
  author       = {Maxime Chevalier-Boisvert and Bolun Dai and Mark Towers and Rodrigo de Lazcano and Lucas Willems and Salem Lahlou and Suman Pal and Pablo Samuel Castro and Jordan Terry},
  title        = {Minigrid \& Miniworld: Modular \& Customizable Reinforcement Learning Environments for Goal-Oriented Tasks},
  journal      = {CoRR},
  volume       = {abs/2306.13831},
  year         = {2023},
}

@misc{sparks,
      title={Sparks of Artificial General Intelligence: Early experiments with GPT-4}, 
      author={Sébastien Bubeck and Varun Chandrasekaran and Ronen Eldan and Johannes Gehrke and Eric Horvitz and Ece Kamar and Peter Lee and Yin Tat Lee and Yuanzhi Li and Scott Lundberg and Harsha Nori and Hamid Palangi and Marco Tulio Ribeiro and Yi Zhang},
      year={2023},
      eprint={2303.12712},
      archivePrefix={arXiv},
      primaryClass={cs.CL}
}
